<record><leader>00000cas a2200000 a 4500</leader><controlfield tag="001">669845795</controlfield><controlfield tag="008">101012u1963uuuuiluer ne      0   a0eng c</controlfield><datafield ind1=" " ind2=" " tag="010"><subfield code="a">  2010271294</subfield></datafield><datafield ind1=" " ind2=" " tag="040"><subfield code="a">NVF</subfield><subfield code="b">eng</subfield><subfield code="c">NVF</subfield><subfield code="d">NVF</subfield><subfield code="d">OCLCO</subfield></datafield><datafield ind1=" " ind2=" " tag="042"><subfield code="a">pcc</subfield></datafield><datafield ind1=" " ind2=" " tag="043"><subfield code="a">n-us-il</subfield></datafield><datafield ind1="0" ind2="0" tag="245"><subfield code="a">Posen times.</subfield></datafield><datafield ind1=" " ind2=" " tag="260"><subfield code="a">Posen, Ill. :</subfield><subfield code="b">BDM Co.,</subfield><subfield code="c">1963-</subfield></datafield><datafield ind1=" " ind2=" " tag="300"><subfield code="a">v.</subfield></datafield><datafield ind1=" " ind2=" " tag="310"><subfield code="a">Biweekly</subfield></datafield><datafield ind1="0" ind2=" " tag="362"><subfield code="a">Vol. 1, no. 1 (May 16, 1963)-</subfield></datafield><datafield ind1=" " ind2=" " tag="500"><subfield code="a">Editor: Charlene Bennet.</subfield></datafield><datafield ind1=" " ind2=" " tag="588"><subfield code="a">Latest issue consulted: Vol. 3, no. 3 (June 24, 1965).</subfield></datafield><datafield ind1=" " ind2="0" tag="651"><subfield code="a">Posen (Ill.)</subfield><subfield code="v">Newspapers.</subfield></datafield><datafield ind1=" " ind2=" " tag="752"><subfield code="a">United States</subfield><subfield code="b">Illinois</subfield><subfield code="c">Cook County</subfield><subfield code="d">Posen.</subfield></datafield></record>